<?xml version="1.0" encoding="UTF-8"?><collection xmlns="http://www.loc.gov/MARC21/slim"><record><leader>00426nam--2200133-i-4500</leader><controlfield tag="001">000047258</controlfield><controlfield tag="002">20161230</controlfield><controlfield tag="005">20161230201046</controlfield><controlfield tag="008">060222s1000------------r-----000-0-eng-d</controlfield><datafield ind1=" " ind2=" " tag="080"><subfield code="a">543.422.4:535.33-1</subfield></datafield><datafield ind1=" " ind2=" " tag="100"><subfield code="a">Welti, D</subfield></datafield><datafield ind1=" " ind2=" " tag="245"><subfield code="a">Infrared vapour spectra. group frequency correlattions, sample handling and the examination of gas chromatographic fractions</subfield></datafield><datafield ind1=" " ind2=" " tag="260"><subfield code="a">London, Heyden &amp; Son, 1970, Xi + 211p</subfield></datafield><datafield ind1=" " ind2=" " tag="852"><subfield code="a">34540</subfield></datafield></record></collection>